@misc{openblas,
    author = "github.com/xianyi",
    howpublished = "\url{https://github.com/xianyi/OpenBLAS/wiki/User-Manual}",
    note = "Accessed on 2019-02-14"
}

@misc{intelmkl,
    author = "Intel",
    howpublished = "\url{https://software.intel.com/en-us/mkl-linux-developer-guide}",
    note = "Accessed on 2019-02-14"
}
